<?xml version="1.0" encoding="UTF-8"?><collection xmlns="http://www.loc.gov/MARC21/slim"><record><leader>00524nam--2200145-i-4500</leader><controlfield tag="001">000026771</controlfield><controlfield tag="002">20161230</controlfield><controlfield tag="005">20161230201036</controlfield><controlfield tag="008">060222s1000------------r-----000-0-eng-d</controlfield><datafield ind1=" " ind2=" " tag="080"><subfield code="a">530.12:523.1</subfield></datafield><datafield ind1=" " ind2=" " tag="100"><subfield code="a">Klein, Oskar</subfield></datafield><datafield ind1=" " ind2=" " tag="245"><subfield code="a">Le principe d`equivalence d`einstein utilise pour une alternative de la cosmologie relativiste en regardant le systeme des galaxies comme limite et non comme l`univers</subfield></datafield><datafield ind1=" " ind2=" " tag="260"><subfield code="a">Kobenhavn, Kommissionaer: Munksgaard, 1974, 18p</subfield></datafield><datafield ind1=" " ind2=" " tag="490"><subfield code="a">Matematisk-fysiske Meddelelser</subfield></datafield><datafield ind1=" " ind2=" " tag="852"><subfield code="a">42283</subfield></datafield></record></collection>